@book{claverie2006bioinformatics,
  title={Bioinformatics for dummies},
  author={Claverie, Jean-Michel and Notredame, Cedric},
  year={2006},
  publisher={John Wiley \& Sons}
}

@article{xu2011distance,
  title={Distance and similarity measures for hesitant fuzzy sets},
  author={Xu, Zeshui and Xia, Meimei},
  journal={Information Sciences},
  volume={181},
  number={11},
  pages={2128--2138},
  year={2011},
  publisher={Elsevier}
}
@book{richards2015software,
  title={Software architecture patterns},
  author={Richards, Mark},
  volume={4},
  year={2015},
  publisher={O'Reilly Media, Incorporated 1005 Gravenstein Highway North, Sebastopol, CA~…}
}

@book{lesk2019introduction,
  title={Introduction to bioinformatics},
  author={Lesk, Arthur},
  year={2019},
  publisher={Oxford university press}
}

@article{gewehr2007bioweka,
  title={BioWeka—extending the Weka framework for bioinformatics},
  author={Gewehr, Jan E and Szugat, Martin and Zimmer, Ralf},
  journal={Bioinformatics},
  volume={23},
  number={5},
  pages={651--653},
  year={2007},
  publisher={Oxford University Press}
}
    
@book{bal2007java,
  title={Java for bioinformatics and biomedical applications},
  author={Bal, Harshawardhan and Hujol, Johnny},
  year={2007},
  publisher={Springer Science \& Business Media}
}

@article{ma2021comprehensive,
  title={Comprehensive analyses of bioinformatics applications in the fight against COVID-19 pandemic},
  author={Ma, Lifei and Li, Huiyang and Lan, Jinping and Hao, Xiuqing and Liu, Huiying and Wang, Xiaoman and Huang, Yong},
  journal={Computational Biology and Chemistry},
  pages={107599},
  year={2021},
  publisher={Elsevier}
}

@book{zhang2009machine,
  title={Machine learning in bioinformatics},
  author={Zhang, Yanqing and Rajapakse, Jagath C},
  volume={4},
  year={2009},
  publisher={John Wiley \& Sons}
}
@book{waterman2018introduction,
  title={Introduction to computational biology: maps, sequences and genomes},
  author={Waterman, Michael S},
  year={2018},
  publisher={Chapman and Hall/CRC}
}

@book{lesk_2013_bioinformatics,
	author = {Lesk, Arthur M},
	month = {07},
	publisher = {Encyclopædia Britannica},
	title = {Bioinformatics | science},
	url = {https://www.britannica.com/science/bioinformatics},
	year = {2013},
	bdsk-url-1 = {https://www.britannica.com/science/bioinformatics}
}


@book{lu2011handbook,
  title={Handbook of statistical bioinformatics},
  author={Lu, Henry Horng-Shing and Sch{\"o}lkopf, Bernhard and Zhao, Hongyu},
  year={2011},
  publisher={Springer Science \& Business Media}
}

@book{attwood2003introduction,
title = "Introduction to Bioinformatics",
author = "TK Attwood and DJ Parry-Smith",
year = "2003",
language = "English",
publisher = "Pearson PLC",
address = "United Kingdom",
}
@book{appliedbioinfomatics2019,
  title={Applied Bioinformatics},
  author={Hendrix, David A},
  year={2019},
  publisher={Oregon State University}
}

@book{akalin2020computational,
  title={Computational genomics with R},
  author={Akalin, Altuna},
  year={2020},
  publisher={CRC Press}
}

@article{lafita2019biojava,
  title={BioJava 5: A community driven open-source bioinformatics library},
  author={Lafita, Aleix and Bliven, Spencer and Prli{\'c}, Andreas and Guzenko, Dmytro and Rose, Peter W and Bradley, Anthony and Pavan, Paolo and Myers-Turnbull, Douglas and Valasatava, Yana and Heuer, Michael and others},
  journal={PLoS computational biology},
  volume={15},
  number={2},
  pages={e1006791},
  year={2019},
  publisher={Public Library of Science San Francisco, CA USA}
}
@article{wang2020biochemistry,
  title={Biochemistry, RNA Structure},
  author={Wang, David and Farhana, Aisha},
  journal={StatPearls [Internet]},
  year={2020},
  publisher={StatPearls Publishing}
}

@article{Macdonald2011Analysis,
author = {Macdonald, Thomas and Helma, Charles and Shou, Yulin and Valdez, Yolanda and Ticknor, Lawrence and Foley, Brian and Davis, Stephen and Hannett, George and Kelly-Cirino, Cassandra and Barash, Jason and Arnon, Stephen and Lindström, Miia and Korkeala, Hannu and Smith, Leonard and Smith, Theresa and Hill, Karen},
year = {2011},
month = {12},
pages = {8625-34},
title = {Analysis of Clostridium botulinum Serotype E Strains by Using Multilocus Sequence Typing, Amplified Fragment Length Polymorphism, Variable-Number Tandem-Repeat Analysis, and Botulinum Neurotoxin Gene Sequencing},
volume = {77},
journal = {Applied and environmental microbiology},
doi = {10.1128/AEM.05155-11}
}

@article{Batut_2018,
    doi = {10.1016/j.cels.2018.05.012},
    url = {https://doi.org/10.1016%2Fj.cels.2018.05.012},
    year = 2018,
    month = {jun},
    publisher = {Elsevier {BV}},
    volume = {6},
    number = {6},
    pages = {752--758.e1},
    author = {B{\'{e}}r{\'{e}}nice Batut and Saskia Hiltemann and Andrea Bagnacani and Dannon Baker and Vivek Bhardwaj and Clemens Blank and Anthony Bretaudeau and Loraine Brillet-Gu{\'{e}}guen and Martin {\v{C}}ech and John Chilton and Dave Clements and Olivia Doppelt-Azeroual and Anika Erxleben and Mallory Ann Freeberg and Simon Gladman and Youri Hoogstrate and Hans-Rudolf Hotz and Torsten Houwaart and Pratik Jagtap and Delphine Larivi{\`{e}}re and Gildas Le Corguill{\'{e}} and Thomas Manke and Fabien Mareuil and Fidel Ram{\'{\i}}rez and Devon Ryan and Florian Christoph Sigloch and Nicola Soranzo and Joachim Wolff and Pavankumar Videm and Markus Wolfien and Aisanjiang Wubuli and Dilmurat Yusuf and James Taylor and Rolf Backofen and Anton Nekrutenko and Björn Grüning},
    title = {Community-Driven Data Analysis Training for Biology},
    journal = {Cell Systems}
}
 @misc{choose_a_license_2022, title={MIT License}, url={https://choosealicense.com/licenses/mit/}, journal={Choose a License}, year={2022}, month={Mar}} @article{fraser2014collaboration,
  title={Collaboration, collusion and plagiarism in computer science coursework},
  author={Fraser, Robert and others},
  journal={Informatics in Education-An International Journal},
  volume={13},
  number={2},
  pages={179--195},
  year={2014},
  publisher={Vilniaus Universiteto Leidykla}
}

@book{freeman2020head,
  title={Head First Design Patterns},
  author={Freeman, Eric and Robson, Elisabeth},
  year={2020},
  publisher={O'Reilly Media}
}
@book{appel2015testing,
  title={Testing with JUnit},
  author={Appel, Frank},
  year={2015},
  publisher={Packt Publishing Ltd}
}

@book{pfleeger2006software,
  title={Software Engineering: Theory and Practice},
  author={Pfleeger\&amp, SL and Atlee, Joanne M},
  year={2006},
  publisher={Upper Saddle River, NJ: Pearson/Prentice Hall}
}

@book{dsouza2012expert,
  title={Expert Oracle Application Express Plugins: Building Reusable Components},
  author={DSouza, Martin},
  year={2012},
  publisher={Apress}
}

@article{franklin2005elements,
  title={The elements of statistical learning: data mining, inference and prediction},
  author={Franklin, James},
  journal={The Mathematical Intelligencer},
  volume={27},
  number={2},
  pages={83--85},
  year={2005},
  publisher={Springer}
}

@misc{clustering2021Prasad, 
    title={Types of Clustering Algorithms in Machine Learning With Examples},
    url={https://www.analytixlabs.co.in/blog/types-of-clustering-algorithms/}, 
    journal={Blogs & Updates on Data Science, Business Analytics, AI Machine Learning},
    publisher={AnalytixLabs}, 
    author={Prasad, Posted by Sunit and Prasad, Sunit and 45, Page View and 45},
    year={2021},
    month={Dec}
}

@article{COHEN:2013,
    title = {Third Year Projects -- Rules and Guidelines},
    author = {Dave Cohen and Carlos Matos},
    year={2013},
    publisher = {Royal Holloway, University of London, 2013}}

@book{schildt2019java,
  title={Java : A Beginner's Guide Eighth edition.},
  author={Schildt, Herbert},
  year={2019},
  publisher={New York : McGraw-Hill Education}}